@article{CORMON1990GROWTH,
  author    = {Cormen, Thomas H. and Leiserson, Charles E. and Rivest, Ronald L.},
  title     = {Growth of Functions},
  booktitle = {Introduction to Algorithms},
  edition   = {1st},
  pages     = {23--41},
  year      = {1990},
  publisher = {MIT Press and McGraw-Hill},
  isbn      = {978-0-262-53091-0}
}
@article{mittal2018branch,
  title        = {A Survey of Techniques for Dynamic Branch Prediction},
  author       = {Mittal, Sparsh},
  journal      = {arXiv preprint arXiv:1805.04389},
  year         = {2018},
  url          = {https://arxiv.org/abs/1805.04389}
}
@techreport{apple2023siliconcpuopt,
  title        = {Apple Silicon CPU Optimization Guide},
  author       = {Apple Inc.},
  institution  = {Apple Inc.},
  year         = {2023},
  note         = {Version 3.0},
  url          = {https://developer.apple.com/documentation/apple-silicon/cpu-optimization-guide}
}
@misc{gfg:quicksort2025,
  title        = {Quick Sort},
  author       = {GeeksforGeeks},
  howpublished = {GeeksforGeeks Data Structures \& Algorithms Tutorial},
  note         = {Last updated 17 Apr 2025},
  url          = {https://www.geeksforgeeks.org/dsa/quick-sort-algorithm/},
  year         = {2025}
}
@misc{gfg:bucketsort2024,
  title        = {Bucket Sort},
  author       = {GeeksforGeeks},
  howpublished = {GeeksforGeeks Data Structures \& Algorithms Tutorial},
  note         = {Last updated 23 Jul 2024},
  url          = {https://www.geeksforgeeks.org/dsa/quick-sort-algorithm/},
  year         = {2024}
}

@misc{gfg:countingsort2024,
  title        = {Counting Sort},
  author       = {GeeksforGeeks},
  howpublished = {GeeksforGeeks Data Structures \& Algorithms Tutorial},
  note         = {Last updated 23 Jul 2024},
  url          = {https://www.geeksforgeeks.org/dsa/counting-sort/},
  year         = {2024}
}
@misc{gfg:cocktailsort2024,
  title        = {Cocktail Sort},
  author       = {GeeksforGeeks},
  howpublished = {GeeksforGeeks Data Structures \& Algorithms Tutorial},
  note         = {Accessed June 2025},
  url          = {https://www.geeksforgeeks.org/dsa/cocktail-sort/},
  year         = {2024}
}

@misc{gfg:insertionsort2024,
  title        = {Insertion Sort},
  author       = {GeeksforGeeks},
  howpublished = {GeeksforGeeks Data Structures \& Algorithms Tutorial},
  note         = {Accessed June 2025},
  url          = {https://www.geeksforgeeks.org/dsa/insertion-sort-algorithm/},
  year         = {2024}
}

@misc{gfg:bubblesort2024,
  title        = {Bubble Sort},
  author       = {GeeksforGeeks},
  howpublished = {GeeksforGeeks Data Structures \& Algorithms Tutorial},
  note         = {Accessed June 2025},
  url          = {https://www.geeksforgeeks.org/dsa/bubble-sort-algorithm/},
  year         = {2024}
}

@article{bingmann2020faster,
  title        = {Engineering Faster Sorters for Small Sets of Items},
  author       = {Bingmann, Timo and Marianczuk, Jasper and Sanders, Peter},
  journal      = {Software: Practice and Experience},
  year         = {2020},
  doi          = {10.1002/spe.2922},
  note         = {Preprint available at arXiv},
}
@article{rutanen2013general,
  title        = {A general definition of the big‑oh notation for algorithm analysis},
  author       = {Rutanen, Kalle and Gómez‑Herrero, Germán and Eriksson, Sirkka‑Liisa and Egiazarian, Karen},
  journal      = {arXiv preprint arXiv:1309.3210},
  year         = {2013},
  note         = {v14 revised Oct 2016},
  url          = {https://arxiv.org/abs/1309.3210}
}
@misc{ibm:clock2024,
  title        = {clock() -- Determine processor time},
  author       = {{IBM Documentation}},
  howpublished = {IBM i 7.4 Documentation},
  note         = {Accessed June 2025},
  url          = {https://www.ibm.com/docs/ja/i/7.4.0?topic=functions-clock-determine-processor-time#clockf},
  year         = {2024}
}
@article{friend1956sort,
  author       = {Friend, Edward H.},
  title        = {Sorting on electronic computer systems},
  journal      = {Journal of the Association for Computing Machinery},
  volume       = {3},
  number       = {3},
  pages        = {151--153},
  year         = {1956},
  note         = {Introduces the sorting exchange algorithm, later known as Bubble Sort}
}

@techreport{hoare1961quicksort,
  author       = {Hoare, C. A. R.},
  title        = {Quicksort},
  institution  = {Communications of the ACM},
  volume       = {4},
  number       = {7},
  pages        = {321--322},
  year         = {1961},
  note         = {Original publication of Quicksort}
}

@incollection{knuth1998insertion,
  author       = {Knuth, Donald E.},
  title        = {Insertion sort},
  booktitle    = {The Art of Computer Programming, Volume 3: Sorting and Searching},
  publisher    = {Addison-Wesley},
  edition      = {2nd},
  pages        = {57--62},
  year         = {1998},
  note         = {Classic exposition of Insertion Sort}
}

@article{corwin2004bucket,
  author       = {Corwin, Emily and Logar, Anthony},
  title        = {Sorting in linear time — variations on the bucket sort},
  journal      = {Journal of Computing Sciences in Colleges},
  volume       = {20},
  number       = {1},
  pages        = {197--204},
  year         = {2004},
  note         = {Discusses Bucket Sort and its linear-time behavior}
}

@mastersthesis{seward1954counting,
  author       = {Seward, Harold H.},
  title        = {Information Sorting in the Application of Electronic Digital Computers to Business Operations},
  school       = {Massachusetts Institute of Technology},
  year         = {1954},
  type         = {Master's thesis},
  institution  = {MIT Digital Computer Laboratory},
  number       = {Report R-232},
  pages        = {25--28},
  note         = {Section 2.4.6: Internal Sorting by Floating Digital Sort},
}

@misc{shaker1961cocktail,
  author       = {Unknown},
  title        = {Cocktail (Shaker) Sort},
  howpublished = {Informal/educational algorithm; variant of Bubble Sort},
  note         = {Earliest published description is non‑formal; widely ascribed to 1960s educational texts},
  year         = {1960},
  url          = {https://en.wikipedia.org/wiki/Cocktail_shaker_sort}
}
@article{energo2023bigoh,
  author       = {Zhanar Bimurat Energo University and Yekaterina Kim and Rauza Ismailova and Bimurat Sagindykov},
  title        = {Methods of Navigating Algorithmic Complexity: Big‑Oh and Small‑Oh Notations},
  journal      = {Scientific Journal of Astana IT University},
  volume       = {15},
  number       = {3},
  pages        = {–},
  year         = {2023},
  doi          = {10.37943/15DNLB5877},
  url          = {https://journal.astanait.edu.kz/index.php/ojs/article/view/412}
}